@online{aufgabe,
	title = {Aufgabenstellung},
	url = {a},
	note = {(besucht am 19.02.2023,~16:00)},
}